@article{BT1,
author = {Bruhat, F. and Tits, J.},
journal = {Inst. Hautes \'{E}tudes Sci. Publ. Math.},
pages = {5-251},
title = {Groupes r\'{e}ductifs sur un corps local},
volume = {41},
year = {1972},
}


@article{BT2,
author = {Bruhat, F. and Tits, J.},
journal = {Inst. Hautes \'{E}tudes Sci. Publ. Math.},
pages = {197-376},
title = {Groupes r\'{e}ductifs sur un corps local. II. Sch'{e}mas en groupes. Existence d'une donn\'{e}e radicielle valu\'{e}e},
volume = {60},
year = {1984},
}


@book{Bump,
  author         = {Bump, D.},
  publisher      = {Cambridge University Press},
  title          = "{Automorphic Forms and Representations}",
  year           = {1997},
  series         = "{Cambridge Studies in Advanced Mathematics}",
}

@book{BH1,
      author        = "Bushnell, C. J. and Henniart, G.",
      title         = "{The Local Langlands Conjecture for GL(2)}",
      publisher     = "Springer Berlin",
      series        = "Grundlehren der mathematischen Wissenschaften",
      year          = "2006",
}

@book{Car1,
      author        = "Carter, R. W.",
      title         = "{Finite Groups of Lie Type}",
      publisher     = "John Wiley and Sons",
      series        = "Pure and Applied Mathematics",
      year          = "1985",
}

@incollection {CO1,
    AUTHOR = {Ciubotaru, D. and Opdam, E.},
     TITLE = {On the elliptic nonabelian {F}ourier transform for unipotent
              representations of {$p$}-adic groups},
 BOOKTITLE = {Representation theory, number theory, and invariant theory},
    SERIES = {Progr. Math.},
    VOLUME = {323},
     PAGES = {87--113},
 PUBLISHER = {Birkh\"{a}user/Springer, Cham},
      YEAR = {2017},
      ISBN = {978-3-319-59727-0; 978-3-319-59728-7},
   MRCLASS = {22E50},
  MRNUMBER = {3753909},
MRREVIEWER = {Qing\ Zhang},
       DOI = {10.1007/978-3-319-59728-7\_4},
       URL = {https://doi.org/10.1007/978-3-319-59728-7_4},
}

@book{DE,
  author         = {Deitmar, A. and Echterhoff, S.},
  publisher      = {Springer, New York},
  title          = "{Principles of Harmonic Analysis}",
  year           = {2009},
  series         = "{Universitext}",
}

@article{DL1,
author = {Deligne, P. and Lusztig, G.},
journal = {Annals of Mathematics},
pages = {103-161},
title = {Representations of Reductive Groups Over Finite Fields},
volume = {103},
year = {1976},
}


@misc{Fin1,
  author = {Fintzen, J.},
  title = "{Representations of $p$-adic Groups}",
  institution = {University of Bonn},
  howpublished = "\url{https://www.math.uni-bonn.de/people/fintzen/Fintzen_CDM.pdf}",
  year = {2022},
}


@book{GH1,
      author        = "Getz, J. R. and Hahn, H.",
      title         = "{An Introduction to Automorphic Representations}",
      publisher     = "Springer Cham",
      series        = "Graduate Texts in Mathematics",
      year          = "2024",
}

@book{Gor1,
      author        = "Gorenstein, D.",
      title         = "{Finite Simple Groups}",
      publisher     = "Springer New York, NY",
      series        = "University Series in Mathematics",
      year          = "1982",
}

@book{Gou1,
      author        = "Gouv\^{e}a, F. Q.",
      title         = "{p-adic Numbers}",
      publisher     = "Springer Cham",
      series        = "Universitext",
      year          = "2020",
}

@article {Lus1,
    AUTHOR = {Lusztig, G.},
     TITLE = {Classification of unipotent representations of simple
              {$p$}-adic groups},
   JOURNAL = {Internat. Math. Res. Notices},
  FJOURNAL = {International Mathematics Research Notices},
      YEAR = {1995},
    NUMBER = {11},
     PAGES = {517--589},
      ISSN = {1073-7928,1687-0247},
   MRCLASS = {22E50 (20G25 22E35)},
  MRNUMBER = {1369407},
MRREVIEWER = {Lawrence\ Morris},
       DOI = {10.1155/S1073792895000353},
       URL = {https://doi.org/10.1155/S1073792895000353},
}

@inbook{Lus2,
 ISBN = {9780691083513},
 URL = {http://www.jstor.org/stable/j.ctt1b9x10c.7},
 author = {Lusztig, G.},
 booktitle = {Characters of Reductive Groups over a Finite Field. (AM-107)},
 pages = {76--133},
 publisher = {Princeton University Press},
 urldate = {2024-06-17},
 year = {1984}
}

@article{MP1,
author = {Moy, A. and Prasad, G.},
journal = {Invent. Math.},
pages = {393-408},
title = "{Unrefined minimal $K$-types for $p$-adic groups}",
volume = {116},
year = {1994},
}


@article{MP2,
author = {Moy, A. and Prasad, G.},
journal = {Comment. Math. Helv.},
pages = {98-121},
title = "{Jacquet functors and unrefined minimal $K$-types}",
volume = {71},
year = {1996},
}


@incollection{Tate,
  author         = {Tate, J.},
  booktitle      = {Algebraic Number Theory, edited by J.W.S. Cassels and A. Fr\"{o}lich},
  publisher      = {London Mathematical Society},
  title          = "{Fourier analysis in number fields and Hecke's zeta-functions}",
  year           = {1967}
}




